@article{pd-repeated-real-life,
	author = {Embrey, Matthew and Fréchette, Guillaume R and Yuksel, Sevgi},
	title = {Cooperation in the Finitely Repeated Prisoner’s Dilemma},
	journal = {The Quarterly Journal of Economics},
	volume = {133},
	number = {1},
	pages = {509-551},
	year = {2018},
	doi = {10.1093/qje/qjx033},
	URL = {http://dx.doi.org/10.1093/qje/qjx033},
	eprint = {/oup/backfile/content_public/journal/qje/133/1/10.1093_qje_qjx033/2/qjx033.pdf}
}
